@ARTICLE{aware,
    author = {Denzil Ferreira1, Vassilis Kostakos1, and Anind K. Dey},
    title = {AWARE: mobile context instrumentation framework},
    journal = {Technology Report ARTICLE},
    month = {April},
    year = {2015},
    doi = {DOI 10.3389/fict.2015.00006},
}
@ARTICLE{appcheck,
    author = {Guoquan Wu, Yuzhong Cao, Wei Chen, Jun We, Hua Zhong, Tao Huang},
    title = {AppCheck: A Crowdsourced Testing Service for Android Applications},
    journal = {IEEE},
    pages = {253-260},
    month = {November},
    year = {2017},
    doi = {DOI 10.1109/ICWS.2017.40},
}
@ARTICLE{bdbugs,
    author = {Zack Coker ; Kostadin Damevski ; Claire Le Goues ; Nicholas A. Kraft ; David Shepherd ; Lori Pollock},
    title = {Behavior Metrics for Prioritizing Investigations of Exceptions},
    journal = {IEEE},
    pages = {554-563},
    month = {September},
    year = {2017},
    doi = {10.1109/ICSME.2017.62},
}
@online{JavaWorld,
  author = {Krill, Paul},
  title = {Software engineers spend lots of time not building software},
  year = {2013},
  url = {https://www.javaworld.com/article/2078758/core-java/software-engineers-spend-lots-of-time-not-building-software.html},
  urldate = {2017-11-19}
}
@online{googleAnalytics,
  author = {Google Inc},
  title = {Google Analytics for Mobile Apps},
  year = {n.d.},
  url = {https://developers.google.com/analytics/solutions/mobile},
  urldate = {2017-11-19}
}
@online{newrelic,
  author = {New Relic APM},
  title = {New Relic Application Performance Monitoring Features and Tools},
  year = {n.d.},
  url = {https://newrelic.com/application-monitoring/features},
  urldate = {2017-11-19}
}
@online{ibm-appmetrics,
  author = {IBM, Inc},
  title = {Application Metrics for Node.js},
  year = {n.d.},
  url = {https://developer.ibm.com/node/monitoring-post-mortem/application-metrics-node-js/},
  urldate = {2017-11-19}
}
@online{react-native,
  author = {Facebook},
  title = {Showcase - React Native},
  year = {n.d.},
  url = {https://facebook.github.io/react-native/showcase.html},
  urldate = {2017-11-19}
}
@online{chartjs,
  author = {Chart.js},
  title = {Chart.js Samples},
  year = {n.d.},
  url = {http://www.chartjs.org/samples/latest/},
  urldate = {2017-11-19}
}
@online{timeseries,
  author = {James Blackburn},
  title = {Time Series Analysis and Its Applications},
  year = {n.d.},
  url = {http://study.com/academy/lesson/time-series-analysis-its-applications.html},
  urldate = {2017-12-08}
}